<?xml version="1.0" encoding="utf-8"?>
<record xmlns="http://www.loc.gov/MARC21/slim" xmlns:xsi="http://www.w3.org/2001/XMLSchema-instance" xsi:schemaLocation="http://www.loc.gov/MARC21/slim http://www.loc.gov/standards/marcxml/schema/MARC21slim.xsd">
	<leader>     nam a22     Mi 4500</leader>
	<controlfield tag="001">647890</controlfield>
	<controlfield tag="003">NNC</controlfield>
	<controlfield tag="006">m        d        </controlfield>
	<controlfield tag="007">cr cn |||m|||a</controlfield>
	<controlfield tag="008">190409m18829999ua      ob    000 0 araod</controlfield>
	<datafield ind1=" " ind2=" " tag="040">
		<subfield code="a">ZYU</subfield>
		<subfield code="b">ara</subfield>
		<subfield code="e">rda</subfield>
		<subfield code="c">ZYU</subfield>
	</datafield>
	<datafield ind1=" " ind2="4" tag="050">
		<subfield code="a">BP130.4</subfield>
		<subfield code="b">.M79 1882</subfield>
	</datafield>
	<datafield ind1="0" ind2=" " tag="100">
		<subfield code="a">Muḥammad Ṣiddīq Ḥasan,</subfield>
		<subfield code="c">Nawab of Bhopal,</subfield>
		<subfield code="d">1832-1890.</subfield>
	</datafield>
	<datafield ind1="1" ind2="0" tag="245">
		<subfield code="a">Fatḥ al-bayān fī maqāṣid al-Qurʼān :</subfield>
		<subfield code="b">wa-bi-hāmishihi Tafsīr li-Ibn Kathīr.</subfield>
	</datafield>
	<datafield ind1=" " ind2=" " tag="260">
		<subfield code="a">Būlāq, Miṣr :</subfield>
		<subfield code="b">al-Maṭbaʻah al-Kubrá al-Mīrīyah,</subfield>
		<subfield code="c">1300-&lt;1301&gt; [1882-&lt;1883&gt;]</subfield>
	</datafield>
	<datafield ind1=" " ind2=" " tag="300">
		<subfield code="a">online resource (volumes)</subfield>
	</datafield>
	<datafield ind1=" " ind2=" " tag="336">
		<subfield code="a">text</subfield>
		<subfield code="2">rdacontent</subfield>
	</datafield>
	<datafield ind1=" " ind2=" " tag="337">
		<subfield code="a">computer</subfield>
		<subfield code="2">rdamedia</subfield>
	</datafield>
	<datafield ind1=" " ind2=" " tag="338">
		<subfield code="a">online resource</subfield>
		<subfield code="2">rdacarrier</subfield>
	</datafield>
	<datafield ind1=" " ind2=" " tag="500">
		<subfield code="a">Part of the Arabic Collections Online (ACO) project, contributed by Columbia University Libraries.</subfield>
	</datafield>
	<datafield ind1=" " ind2=" " tag="533">
		<subfield code="a">Electronic reproduction.</subfield>
		<subfield code="b">New York, N.Y. :</subfield>
		<subfield code="c">New York University,</subfield>
		<subfield code="d">2019.</subfield>
		<subfield code="5">NNU</subfield>
	</datafield>
	<datafield ind1="0" ind2="0" tag="630">
		<subfield code="a">Qurʼan</subfield>
		<subfield code="v">Commentaries.</subfield>
	</datafield>
	<datafield ind1="0" ind2="7" tag="630">
		<subfield code="a">Qurʼan.</subfield>
		<subfield code="2">fast</subfield>
		<subfield code="0">(OCoLC)fst01842877</subfield>
	</datafield>
	<datafield ind1=" " ind2="7" tag="655">
		<subfield code="a">Commentaries.</subfield>
		<subfield code="2">fast</subfield>
		<subfield code="0">(OCoLC)fst01423723</subfield>
	</datafield>
	<datafield ind1="1" ind2="2" tag="700">
		<subfield code="a">Ibn Kathīr, Ismāʻīl ibn ʻUmar,</subfield>
		<subfield code="d">approximately 1301-1373.</subfield>
		<subfield code="t">Tafsīr al-Qurʼān al-ʻaẓīm.</subfield>
	</datafield>
	<datafield ind1="2" ind2=" " tag="710">
		<subfield code="a">Columbia University.</subfield>
		<subfield code="b">Libraries.</subfield>
	</datafield>
	<datafield ind1="0" ind2=" " tag="730">
		<subfield code="a">Arabic Collections Online.</subfield>
	</datafield>
	<datafield ind1="0" ind2="8" tag="776">
		<subfield code="i">Print version:</subfield>
		<subfield code="a">Muḥammad Ṣiddīq Ḥasan, Nawab of Bhopal, 1832-1890.</subfield>
		<subfield code="t">Fatḥ al-bayān fī maqāṣid al-Qurʼān</subfield>
		<subfield code="w">(NNC)647890</subfield>
		<subfield code="w">(OCoLC)252302065</subfield>
	</datafield>
	<datafield ind1="4" ind2="0" tag="856">
		<subfield code="u">http://hdl.handle.net/2333.1/xgxd2dk8</subfield>
	</datafield>
	<datafield ind1=" " ind2=" " tag="959">
		<subfield code="a">NNU</subfield>
		<subfield code="b">WEB</subfield>
		<subfield code="c">GENI</subfield>
		<subfield code="t">0</subfield>
		<subfield code="m">Electronic access</subfield>
		<subfield code="s">01</subfield>
	</datafield>
	<datafield ind1=" " ind2=" " tag="999">
		<subfield code="i">NNC_647890</subfield>
		<subfield code="o">(OCoLC)ocn252302065</subfield>
		<subfield code="s">columbia_aco004073:v.1</subfield>
		<subfield code="s">columbia_aco004074:v.2</subfield>
		<subfield code="s">columbia_aco004075:v.3</subfield>
		<subfield code="s">columbia_aco004076:v.4</subfield>
		<subfield code="s">columbia_aco004077:v.5</subfield>
		<subfield code="s">columbia_aco004078:v.6</subfield>
		<subfield code="s">columbia_aco004079:v.7</subfield>
		<subfield code="s">columbia_aco004080:v.8</subfield>
		<subfield code="s">columbia_aco004081:v.9</subfield>
		<subfield code="s">columbia_aco004082:v.10</subfield>
		<subfield code="e">(ERROR-880)</subfield>
	</datafield>
</record>
